@misc{firstMapBooks,
  author = {Jerry Ascierto},
  title = {The Nation’s First Road Maps, Courtesy of AAA},
  howpublished = {AAA},
  year = 2019,
  url = {https://magazine.northeast.aaa.com/daily/life/aaa/the-nations-first-road-map-courtesy-of-aaa/},
  urldate = {2020-05-14}
}

@misc{MapsDoneOSM,
  author       = {David Lindenbaum},
  title        = {Introducing the SpaceNet Road Detection and Routing Challenge and Dataset},
  howpublished = {medium},
  year         = {2017},
  url     = {https://medium.com/the-downlinq/introducing-the-spacenet-road-detection-and-routing-challenge-and-dataset-7604de39b779}
}

@inproceedings{GF2-imageCaseStudy,
author = {XIA, Wei and Yuze, Zhang and LIU, Jian and LUO, Lun and YANG, Ke},
year = {2018},
month = {03},
pages = {5138},
title = {Road Extraction from High Resolution Image with Deep Convolution Network – A Case Study of GF-2 Image},
volume = {2},
journal = {Proceedings},
doi = {10.3390/ecrs-2-05138}
}

@inproceedings{NavigationOfRoadways,
author = {Waxman, Allen and Moigne, J. and Srinivasan, Babu},
year = {1985},
month = {04},
pages = {862 - 867},
title = {Visual navigation of roadways},
volume = {2},
doi = {10.1109/ROBOT.1985.1087351}
}

@article{Detecting_interections_using_color,
author = {Crisman, J.},
year = {1990},
month = {01},
pages = {},
title = {Color Vision for the Detection of Unstructured Roads and Intersections}
}

@inproceedings{Detecting_roads_using_color,
author = {Crisman, Jill and Thorpe, Charles},
year = {1991},
month = {05},
pages = {2496 - 2501 vol.3},
title = {UNSCARF--A color vision system for the detection of unstructured roads},
volume = {3},
doi = {10.1109/ROBOT.1991.132000}
}

@article{using_texture_for_road_detection,
author = {Rasmussen, Christopher},
year = {2002},
month = {01},
pages = {},
title = {Combining Laser Range, Color, and Texture Cues for Autonomous Road Following},
volume = {4},
doi = {10.1109/ROBOT.2002.1014439}
}

@inproceedings{road_detection_using_neural_nets_SVM,
author = {Conrad, P. and Foedisch, M.},
year = {2003},
month = {11},
pages = {157- 160},
title = {Performance evaluation of color based road detection using neural nets and support vector machines},
isbn = {0-7695-2029-4},
doi = {10.1109/AIPR.2003.1284265}
}

@inproceedings{road_detection_using_env_learning,
author = {Foedisch, M. and Takeuchi, A.},
year = {2004},
month = {11},
pages = {16- 21},
title = {Adaptive road detection through continuous environment learning},
isbn = {0-7695-2250-5},
doi = {10.1109/AIPR.2004.9}
}

@inproceedings{Minh2010,
author = {Mnih, Volodymyr and Hinton, Geoffrey E.},
title = {Learning to Detect Roads in High-Resolution Aerial Images},
year = {2010},
isbn = {3642155669},
publisher = {Springer-Verlag},
address = {Berlin, Heidelberg},
booktitle = {Proceedings of the 11th European Conference on Computer Vision: Part VI},
pages = {210–223},
numpages = {14},
location = {Heraklion, Crete, Greece},
series = {ECCV’10}
}

@inproceedings{road_detection_using_SVM_online_learning,
author = {Zhou, Shengyan and Gong, Jianwei and Xiong, Guangming and Chen, Huiyan and Iagnemma, Karl},
year = {2010},
month = {07},
pages = {256 - 261},
title = {Road Detection Using Support Vector Machine based on Online Learning and Evaluation},
doi = {10.1109/IVS.2010.5548086}
}

@inproceedings{road_detection_cnn,
author = {Narayan, Aparajit and Tuci, Elio and Labrosse, Frédéric and Alkilabi, Muhanad},
year = {2017},
month = {09},
pages = {314-321},
title = {Road detection using convolutional neural networks},
doi = {10.7551/ecal_a_053}
}

@online{sentinelSpecifications,
    author = "ESA",
    title = "Sentinel 2 - Spatial and Spectral Resolutions",
    url  = "https://sentinel.esa.int/web/sentinel/missions/sentinel-2/instrument-payload/resolution-and-swath",
    keywords = "Sentinel,ESA"
}

@article{WANG2016271,
title = "A review of road extraction from remote sensing images",
journal = "Journal of Traffic and Transportation Engineering (English Edition)",
volume = "3",
number = "3",
pages = "271 - 282",
year = "2016",
issn = "2095-7564",
doi = "https://doi.org/10.1016/j.jtte.2016.05.005",
url = "http://www.sciencedirect.com/science/article/pii/S2095756416301076",
author = "Weixing Wang and Nan Yang and Yi Zhang and Fengping Wang and Ting Cao and Patrik Eklund",
keywords = "Remote sensing image, Road extraction, Road feature, Classification"
}

@article{baumgartner1999automatic,
  title={Automatic road extraction based on multi-scale, grouping, and context},
  author={Baumgartner, Albert and Steger, Carsten and Mayer, Helmut and Eckstein, Wolfgang and Ebner, Heinrich},
  journal={Photogrammetric Engineering and Remote Sensing},
  volume={65},
  pages={777--786},
  year={1999},
  publisher={ASPRS AMERICAN SOCIETY FOR PHOTOGRAMMETRY AND}
}

@inproceedings{mokhtarzade2008automatic,
  title={Automatic road extraction from high resolution satellite images using neural networks, texture analysis, fuzzy clustering and genetic algorithms},
  author={Mokhtarzade, M and Zoej, MJ Valadan and Ebadi, H},
  booktitle={The international archives of the photogrammetry remote sensing and spatial information sciences 2008 Proceedings ISPRS Congress Beijing, B3b},
  volume={549},
  year={2008}
}

@inproceedings{EDSR,
  title={Enhanced deep residual networks for single image super-resolution},
  author={Lim, Bee and Son, Sanghyun and Kim, Heewon and Nah, Seungjun and Mu Lee, Kyoung},
  booktitle={Proceedings of the IEEE conference on computer vision and pattern recognition workshops},
  pages={136--144},
  year={2017}
}

@inproceedings{D-LinkNet,
  title={D-LinkNet: LinkNet With Pretrained Encoder and Dilated Convolution for High Resolution Satellite Imagery Road Extraction.},
  author={Zhou, Lichen and Zhang, Chuang and Wu, Ming},
  booktitle={CVPR Workshops},
  pages={182--186},
  year={2018}
}

@inproceedings{ResNet,
  title={Deep residual learning for image recognition},
  author={He, Kaiming and Zhang, Xiangyu and Ren, Shaoqing and Sun, Jian},
  booktitle={Proceedings of the IEEE conference on computer vision and pattern recognition},
  pages={770--778},
  year={2016}
}

@article{ResNetimproved0,
author = {Li, Baoqi and He, Yuyao},
year = {2018},
month = {03},
pages = {1-1},
title = {An Improved ResNet Based on the Adjustable Shortcut Connections},
volume = {PP},
journal = {IEEE Access},
doi = {10.1109/ACCESS.2018.2814605}
}
@article{ResNetimproved1,
  title={Improved Residual Networks for Image and Video Recognition},
  author={Duta, Ionut Cosmin and Liu, Li and Zhu, Fan and Shao, Ling},
  journal={arXiv preprint arXiv:2004.04989},
  year={2020}
}
@article{ResNetimproved2,
  author={B. {Li} and Y. {He}},
  journal={IEEE Access}, 
  title={An Improved ResNet Based on the Adjustable Shortcut Connections}, 
  year={2018},
  volume={6},
  number={},
  pages={18967-18974}
  }
